@report{gauck,
    author = {Gauck, Sam},
    title = {Implementing BitTorrent},
    institution = {Reed College},
    date = {2024-05-24},
    urldate = {2024-12-10},
    url = {http://sam.gauck.com/BitTorrent.pdf},
    language = {English},
    keywords = {bittorrent,gauck},
},
@report{bep0012,
    author = {Hoffman, John},
    title = {Multitracker Metadata Extension},
    type = {Specification},
    institution = {BitTorrent},
    date = {2008-02-07},
    url = {https://www.bittorrent.org/beps/bep_0012.html},
    urldate = {2025-02-11},
    language = {English},
    keywords = {bittorrent,bep},
}
